@InProceedings{chen11,
  title = "Collecting Highly Parallel Data for Paraphrase Evaluation",
  author = "David L. Chen and William B. Dolan",
  booktitle = "Proceedings of the 49th Annual Meeting of the Association for Computational Linguistics (ACL-2011)",
  address = "Portland, OR",
  month = "June",
  year = 2011
}

@inproceedings{Moore02,
 author = {Moore, Robert C.},
 title = {Fast and Accurate Sentence Alignment of Bilingual Corpora},
 booktitle = {Proceedings of the 5th Conference of the Association for Machine Translation in the Americas on Machine Translation: From Research to Real Users},
 series = {AMTA '02},
 year = {2002},
} 

@inproceedings{Giampiccolo07,
 author = {Giampiccolo, Danilo and Magnini, Bernardo and Dagan, Ido and Dolan, Bill},
 title = {The third PASCAL recognizing textual entailment challenge},
 booktitle = {Proceedings of the ACL-PASCAL Workshop on Textual Entailment and Paraphrasing},
 series = {RTE '07},
 year = {2007},
} 

@inproceedings{Barzilay03,
 author = {Barzilay, Regina and Lee, Lillian},
 title = {Learning to paraphrase: an unsupervised approach using multiple-sequence alignment},
 booktitle = {Proceedings of the 2003 Conference of the North American Chapter of the Association for Computational Linguistics on Human Language Technology - Volume 1},
 series = {NAACL '03},
 year = {2003},
}

@inproceedings{dolan04,
  author    = {Dolan, Bill  and  Quirk, Chris  and  Brockett, Chris},
  title     = {Unsupervised Construction of Large Paraphrase Corpora: Exploiting Massively Parallel News Sources },
  booktitle = {Proceedings of Coling 2004 },
  editor = {},
  year      = 2004,
}

@inproceedings{Shinyama03,
 author = {Shinyama, Yusuke and Sekine, Satoshi},
 title = {Paraphrase acquisition for information extraction},
 booktitle = {Proceedings of the second international workshop on Paraphrasing - Volume 16},
 series = {PARAPHRASE '03},
 year = {2003},
}

@inproceedings{Das09,
 author = {Das, Dipanjan and Smith, Noah A.},
 title = {Paraphrase identification as probabilistic quasi-synchronous recognition},
 booktitle = {Proceedings of the Joint Conference of the 47th Annual Meeting of the ACL and the 4th International Joint Conference on Natural Language Processing of the AFNLP: Volume 1 - Volume 1},
 series = {ACL '09},
 year = {2009},
} 

@InProceedings{bannard05,
  author    = {Bannard, Colin  and  Callison-Burch, Chris},
  title     = {Paraphrasing with Bilingual Parallel Corpora},
  booktitle = {Proceedings of the 43rd Annual Meeting of the Association for Computational Linguistics (ACL'05)},
  year      = {2005},
}

@inproceedings{Snow08,
 author = {Snow, Rion and O'Connor, Brendan and Jurafsky, Daniel and Ng, Andrew Y.},
 title = {Cheap and fast---but is it good?: evaluating non-expert annotations for natural language tasks},
 booktitle = {Proceedings of the Conference on Empirical Methods in Natural Language Processing},
 series = {EMNLP '08},
 year = {2008},
}

@inproceedings{Koehn00,
 author = {Koehn, Philipp and Knight, Kevin},
 title = {Estimating Word Translation Probabilities from Unrelated Monolingual Corpora Using the EM Algorithm},
 booktitle = {Proceedings of the Seventeenth National Conference on Artificial Intelligence and Twelfth Conference on Innovative Applications of Artificial Intelligence},
 year = {2000},
} 

@inproceedings{Papineni02,
 author = {Papineni, Kishore and Roukos, Salim and Ward, Todd and Zhu, Wei-Jing},
 title = {BLEU: a method for automatic evaluation of machine translation},
 booktitle = {Proceedings of the 40th Annual Meeting on Association for Computational Linguistics},
 year = {2002},
} 

@inproceedings{quirk04,
  author    = {Quirk, Chris  and  Brockett, Chris  and  Dolan, William},
  title     = {Monolingual Machine Translation for Paraphrase Generation },
  booktitle = {Proceedings of EMNLP 2004},
  year      = 2004,
}